<record><leader>00000cas a22000007a 4500</leader><controlfield tag="001">31930530</controlfield><controlfield tag="008">950203d1866186ugaudn ne      0    0eng d</controlfield><datafield ind1=" " ind2=" " tag="010"><subfield code="a">sn 95068719 </subfield></datafield><datafield ind1=" " ind2=" " tag="040"><subfield code="a">MGN</subfield><subfield code="b">eng</subfield><subfield code="c">MGN</subfield><subfield code="d">OCLCQ</subfield></datafield><datafield ind1=" " ind2=" " tag="042"><subfield code="a">msc</subfield></datafield><datafield ind1="0" ind2=" " tag="130"><subfield code="a">Daily Georgia citizen (Macon, Ga. : 1866)</subfield></datafield><datafield ind1="1" ind2="0" tag="245"><subfield code="a">Daily Georgia citizen.</subfield></datafield><datafield ind1=" " ind2=" " tag="260"><subfield code="a">Macon, Ga. :</subfield><subfield code="b">L.F.W. Andrews</subfield></datafield><datafield ind1=" " ind2=" " tag="300"><subfield code="a">v.</subfield></datafield><datafield ind1=" " ind2=" " tag="310"><subfield code="a">Daily (except Sun.)</subfield></datafield><datafield ind1="0" ind2=" " tag="362"><subfield code="a">New ser., v. 1, no. 1 (Mar. 5, 1866)-</subfield></datafield><datafield ind1=" " ind2=" " tag="752"><subfield code="a">United States</subfield><subfield code="b">Georgia</subfield><subfield code="c">Bibb</subfield><subfield code="d">Macon.</subfield></datafield></record>